<?xml version="1.0" encoding="UTF-8"?><collection xmlns="http://www.loc.gov/MARC21/slim"><record><leader>00597nam--2200181-i-4500</leader><controlfield tag="001">000016159</controlfield><controlfield tag="002">20161230</controlfield><controlfield tag="005">20161230201031</controlfield><controlfield tag="008">060222s1000------------r-----000-0-fre-d</controlfield><datafield ind1=" " ind2=" " tag="040"><subfield code="a">IFIN-HH</subfield></datafield><datafield ind1=" " ind2=" " tag="041"><subfield code="a">fre</subfield></datafield><datafield ind1=" " ind2=" " tag="080"><subfield code="a">537.311.3(043)</subfield></datafield><datafield ind1="1" ind2=" " tag="100"><subfield code="a">Cazal-poujade, Anne-marie</subfield></datafield><datafield ind1="1" ind2="0" tag="245"><subfield code="a">Diffusion des phonons dans l'antimoniure de gallium, effets des dopages en tellure et en zinc et de l'irradiation electronique</subfield><subfield code="b">These</subfield><subfield code="c">Anne-marie cazal-poujade</subfield></datafield><datafield ind1=" " ind2=" " tag="260"><subfield code="a">Montpellier</subfield><subfield code="b">Universite De Montpellier</subfield><subfield code="c">1970</subfield></datafield><datafield ind1=" " ind2=" " tag="300"><subfield code="a">176 P</subfield></datafield><datafield ind1=" " ind2=" " tag="852"><subfield code="a">76960</subfield><subfield code="c">537.311.33</subfield></datafield><datafield ind1=" " ind2=" " tag="CAT"><subfield code="a">Sys</subfield><subfield code="c">20110802</subfield><subfield code="h">103310</subfield></datafield></record></collection>